<?xml version="1.0" encoding="UTF-8" ?>
<collection xmlns:xsi="http://www.w3.org/2001/XMLSchema-instance"
    xsi:schemaLocation="http://www.loc.gov/MARC21/slim
        http://www.loc.gov/standards/marcxml/schema/MARC21slim.xsd"
    xmlns="http://www.loc.gov/MARC21/slim">
<record>
  <leader>00397cam a2200829 ia4500</leader>
  <controlfield tag="001">b12479500</controlfield>
  <controlfield tag="003">LeBAU</controlfield>
  <controlfield tag="005">20190726</controlfield>
  <controlfield tag="008">970607s1925    su              0   ara d</controlfield>
  <datafield tag="035" ind1=" " ind2=" ">
    <subfield code="a">ocn784338914</subfield>
  </datafield>
  <datafield tag="040" ind1=" " ind2=" ">
    <subfield code="a">LEAUB</subfield>
    <subfield code="b">ara</subfield>
    <subfield code="e">rda</subfield>
    <subfield code="c">LEAUB</subfield>
    <subfield code="d">LEAUB</subfield>
  </datafield>
  <datafield tag="082" ind1="0" ind2="4">
    <subfield code="a">349.297</subfield>
    <subfield code="2">20</subfield>
  </datafield>
  <datafield tag="100" ind1="1" ind2=" ">
    <subfield code="6">880-01</subfield>
    <subfield code="a">Nawawī,</subfield>
    <subfield code="d">1233-1277.</subfield>
    <subfield code="e">author.</subfield>
    <subfield code="0">https://lccn.loc.gov/n82009538 ,</subfield>
  </datafield>
  <datafield tag="245" ind1="1" ind2="0">
    <subfield code="6">880-02</subfield>
    <subfield code="a">al-Majmūʻ :</subfield>
    <subfield code="b">sharḥ al-Muhadhdhab.</subfield>
  </datafield>
  <datafield tag="246" ind1="3" ind2=" ">
    <subfield code="6">880-03</subfield>
    <subfield code="i">Cover title on volumes 11-20:</subfield>
    <subfield code="a">Takmilat al-Majmūʻ</subfield>
    <subfield code="b">al-Majmūʻ : sharḥ al-Muhadhdhab</subfield>
  </datafield>
  <datafield tag="246" ind1="3" ind2=" ">
    <subfield code="6">880-04</subfield>
    <subfield code="i">عنوان غلاف الجزء 11-20:</subfield>
    <subfield code="a">تكملة المجموع</subfield>
  </datafield>
  <datafield tag="264" ind1=" " ind2="1">
    <subfield code="6">880-05</subfield>
    <subfield code="a">al-Madīnah al-Munawwarah :</subfield>
    <subfield code="b">al-Maktabah al-Salafiyah,</subfield>
    <subfield code="c">1344 H., [1925? M.]</subfield>
  </datafield>
  <datafield tag="300" ind1=" " ind2=" ">
    <subfield code="6">880-06</subfield>
    <subfield code="a">20 volumes ;</subfield>
    <subfield code="c">29 cm</subfield>
  </datafield>
  <datafield tag="336" ind1=" " ind2=" ">
    <subfield code="a">text</subfield>
    <subfield code="b">txt</subfield>
    <subfield code="2">rdacontent</subfield>
  </datafield>
  <datafield tag="337" ind1=" " ind2=" ">
    <subfield code="a">unmediated</subfield>
    <subfield code="b">n</subfield>
    <subfield code="2">rdamedia</subfield>
  </datafield>
  <datafield tag="338" ind1=" " ind2=" ">
    <subfield code="a">volume</subfield>
    <subfield code="b">nc</subfield>
    <subfield code="2">rdacarrier</subfield>
  </datafield>
  <datafield tag="500" ind1=" " ind2=" ">
    <subfield code="a">الأجزاء 1-12: تضم في أسفل الصفحات كتابي "فتح العزيز شرح الوجيز / للإمام الرافعي وكتاب "التلخيص الحبير" / للحافظ إبن حجر".</subfield>
  </datafield>
  <datafield tag="600" ind1="1" ind2="4">
    <subfield code="a">الفيروزآبادي الشيرازي، ابو اسحق ابراهيم بن علي بن يوسف،</subfield>
    <subfield code="d">حوالي 1003-1083.</subfield>
    <subfield code="t">المهذب.</subfield>
  </datafield>
  <datafield tag="600" ind1="0" ind2="4">
    <subfield code="a">الغزالي،</subfield>
    <subfield code="d">1058-1111.</subfield>
    <subfield code="t">الوجيز.</subfield>
  </datafield>
  <datafield tag="600" ind1="1" ind2="0">
    <subfield code="a">Fīrūzābādī al-Shīrāzī, Abū Isḥāq Ibrāhīm ibn ʻAlī ibn Yūsuf,</subfield>
    <subfield code="d">approximately 1003-1083.</subfield>
    <subfield code="t">Muhadhdhab.</subfield>
  </datafield>
  <datafield tag="600" ind1="0" ind2="0">
    <subfield code="a">Ghazzālī,</subfield>
    <subfield code="d">1058-1111.</subfield>
    <subfield code="t">Wajīz.</subfield>
  </datafield>
  <datafield tag="650" ind1=" " ind2="4">
    <subfield code="a">الفقه الاسلامي</subfield>
    <subfield code="v">اعمال قديمة حتى 1800.</subfield>
  </datafield>
  <datafield tag="650" ind1=" " ind2="4">
    <subfield code="a">الحديث</subfield>
    <subfield code="x">اسناد</subfield>
    <subfield code="v">اعمال قديمة حتى 1800.</subfield>
  </datafield>
  <datafield tag="650" ind1=" " ind2="4">
    <subfield code="a">المذهب الشافعي</subfield>
    <subfield code="v">أعمال قديمة حتى 1800.</subfield>
  </datafield>
  <datafield tag="650" ind1=" " ind2="0">
    <subfield code="a">Islamic law</subfield>
    <subfield code="v">Early works to 1800.</subfield>
  </datafield>
  <datafield tag="650" ind1=" " ind2="0">
    <subfield code="a">Hadith</subfield>
    <subfield code="x">Evidences, authority, etc.</subfield>
    <subfield code="v">Early works to 1800.</subfield>
  </datafield>
  <datafield tag="650" ind1=" " ind2="0">
    <subfield code="a">Shafiites</subfield>
    <subfield code="v">Early works to 1800.</subfield>
  </datafield>
  <datafield tag="700" ind1="1" ind2="2">
    <subfield code="6">880-07</subfield>
    <subfield code="a">Rāfiʻī, ʻAbd al-Karīm ibn Muḥammad,</subfield>
    <subfield code="d">1162-1226.</subfield>
    <subfield code="t">Fatḥ al-ʻAzīz fī sharḥ al-Wajīz</subfield>
    <subfield code="0">https://lccn.loc.gov/n88243875 .</subfield>
  </datafield>
  <datafield tag="700" ind1="1" ind2="2">
    <subfield code="6">880-08</subfield>
    <subfield code="a">Fīrūzābādī al-Shīrāzī, Abū Isḥāq Ibrāhīm ibn ʻAlī ibn Yūsuf,</subfield>
    <subfield code="d">approximately 1003-1083.</subfield>
    <subfield code="t">Muhadhdhab.</subfield>
  </datafield>
  <datafield tag="700" ind1="1" ind2="2">
    <subfield code="6">880-09</subfield>
    <subfield code="a">Ibn Ḥajar al-ʻAsqalānī, Aḥmad ibn ʻAlī,</subfield>
    <subfield code="d">1372-1449.</subfield>
    <subfield code="t">Talkhīs al-ḥabīr.</subfield>
  </datafield>
  <datafield tag="700" ind1="1" ind2="2">
    <subfield code="6">880-10</subfield>
    <subfield code="a">Subkī, Taqī al-Dīn ʻAlī ibn ʻAbd al-Kāfī,</subfield>
    <subfield code="d">1284-1355.</subfield>
    <subfield code="t">Takmilat al-Majmūʻ.</subfield>
  </datafield>
  <datafield tag="775" ind1="0" ind2="8">
    <subfield code="6">880-11</subfield>
    <subfield code="i">has designation of edition</subfield>
    <subfield code="4">http://rdaregistry.info/Elements/m/P30133 :</subfield>
    <subfield code="a">Nawawī, 1233-1277.</subfield>
    <subfield code="t">Majmūʻ : sharḥ al-Muhadhdhab.</subfield>
    <subfield code="d">[Bayrut] : Dar al-Fikr, [between 1990 and 2000]</subfield>
    <subfield code="w">(LEAUB)b21034710</subfield>
  </datafield>
  <datafield tag="852" ind1=" " ind2=" ">
    <subfield code="a">Jafet Library</subfield>
    <subfield code="e">American University of Beirut, Bliss Street , Beirut, Lebanon.</subfield>
  </datafield>
  <datafield tag="880" ind1="0" ind2=" ">
    <subfield code="6">100-01/(3/r</subfield>
    <subfield code="a">النووي،</subfield>
    <subfield code="d">1233-1277،</subfield>
    <subfield code="0">https://lccn.loc.gov/n82009538 ,</subfield>
    <subfield code="e">مؤلف. </subfield>
    <subfield code="4">aut.</subfield>
  </datafield>
  <datafield tag="880" ind1="1" ind2="3">
    <subfield code="6">245-02/(3/r</subfield>
    <subfield code="a">المجموع :</subfield>
    <subfield code="b">شرح المهذب.</subfield>
  </datafield>
  <datafield tag="880" ind1="3" ind2=" ">
    <subfield code="6">246-03/(3/r</subfield>
    <subfield code="i">عنوان الجزء 11-20:</subfield>
    <subfield code="a">التكملة الثانية :</subfield>
    <subfield code="b">المجموع : شرح المهذب</subfield>
  </datafield>
  <datafield tag="880" ind1=" " ind2="1">
    <subfield code="6">264-05/(3/r</subfield>
    <subfield code="a">المدينة المنورة :</subfield>
    <subfield code="b">المكتبة السلفية،</subfield>
    <subfield code="c">1344 هـ.، [1925؟ م.]</subfield>
  </datafield>
  <datafield tag="880" ind1="3" ind2=" ">
    <subfield code="6">246-04/(3/r</subfield>
    <subfield code="i">Title on volumes 11-20:</subfield>
    <subfield code="a">Takmilah al-thāniyah :</subfield>
  </datafield>
  <datafield tag="880" ind1=" " ind2=" ">
    <subfield code="6">300-06/(3/r</subfield>
    <subfield code="a">20 جزء ؛</subfield>
    <subfield code="c">29 سم</subfield>
  </datafield>
  <datafield tag="880" ind1="1" ind2="2">
    <subfield code="6">700-08/(3/r</subfield>
    <subfield code="a">الفيروزآبادي الشيرازي، ابو اسحق ابراهيم بن علي بن يوسف،</subfield>
    <subfield code="d">1083-1003حوالي .</subfield>
    <subfield code="0">https://lccn.loc.gov/n88243875 .</subfield>
    <subfield code="t">المهذب.</subfield>
  </datafield>
  <datafield tag="880" ind1="1" ind2="2">
    <subfield code="6">700-07/(3/r</subfield>
    <subfield code="a">الرافعي، عبد الكريم بن محمد،</subfield>
    <subfield code="d">1162-1226.</subfield>
    <subfield code="t">فتح العزيز شرح الوجيز.</subfield>
  </datafield>
  <datafield tag="880" ind1="1" ind2="2">
    <subfield code="6">700-09/(3/r</subfield>
    <subfield code="a">ابن حجر العسقلاني، شهاب الدين احمد بن علي،</subfield>
    <subfield code="d">1372-1449.</subfield>
    <subfield code="t">التلخيص الحبير.</subfield>
  </datafield>
  <datafield tag="880" ind1="1" ind2="2">
    <subfield code="6">700-10/(3/r</subfield>
    <subfield code="a">السبكي، تقي الدين علي بن عبد الكافي،</subfield>
    <subfield code="d">1284-1355.</subfield>
    <subfield code="t">تكملة المجموع.</subfield>
  </datafield>
  <datafield tag="880" ind1="0" ind2="8">
    <subfield code="6">775-11/(3/r</subfield>
    <subfield code="i">دلالة على الطبعة</subfield>
    <subfield code="4">http://rdaregistry.info/Elements/m/P30133 :</subfield>
    <subfield code="a">النووي، 1233-1277.</subfield>
    <subfield code="t">المجموع : شرح المهذب.</subfield>
    <subfield code="d">[بيروت] : [دار الفكر] ، [ما بين 1990 و2000]</subfield>
    <subfield code="w">(LEAUB)b21034710</subfield>
  </datafield>
  <datafield tag="907" ind1=" " ind2=" ">
    <subfield code="a">.b12479500</subfield>
    <subfield code="b">19-08-29</subfield>
    <subfield code="c">11-05-24</subfield>
  </datafield>
  <datafield tag="907" ind1=" " ind2=" ">
    <subfield code="a">.b12479500</subfield>
    <subfield code="b">11-10-11</subfield>
    <subfield code="c">11-05-24</subfield>
  </datafield>
  <datafield tag="945" ind1=" " ind2=" ">
    <subfield code="f">J</subfield>
    <subfield code="a">349.297:N328mA:v.1:c.1</subfield>
    <subfield code="i">01025190</subfield>
    <subfield code="j">.i12965157</subfield>
    <subfield code="l">u0503</subfield>
  </datafield>
  <datafield tag="945" ind1=" " ind2=" ">
    <subfield code="f">J</subfield>
    <subfield code="a">349.297:N328mA:v.2:c.1</subfield>
    <subfield code="i">01025191</subfield>
    <subfield code="j">.i12965169</subfield>
    <subfield code="l">u0503</subfield>
  </datafield>
  <datafield tag="945" ind1=" " ind2=" ">
    <subfield code="f">J</subfield>
    <subfield code="a">349.297:N328mA:v.3:c.1</subfield>
    <subfield code="i">01025192</subfield>
    <subfield code="j">.i12965170</subfield>
    <subfield code="l">u0503</subfield>
  </datafield>
  <datafield tag="945" ind1=" " ind2=" ">
    <subfield code="f">J</subfield>
    <subfield code="a">349.297:N328mA:v.4:c.1</subfield>
    <subfield code="i">01025193</subfield>
    <subfield code="j">.i12965182</subfield>
    <subfield code="l">u0503</subfield>
  </datafield>
  <datafield tag="945" ind1=" " ind2=" ">
    <subfield code="f">J</subfield>
    <subfield code="a">349.297:N328mA:v.5:c.1</subfield>
    <subfield code="i">01025195</subfield>
    <subfield code="j">.i12965194</subfield>
    <subfield code="l">u0503</subfield>
  </datafield>
  <datafield tag="945" ind1=" " ind2=" ">
    <subfield code="f">J</subfield>
    <subfield code="a">349.297:N328mA:v.6:c.1</subfield>
    <subfield code="i">01025196</subfield>
    <subfield code="j">.i12965200</subfield>
    <subfield code="l">u0503</subfield>
  </datafield>
  <datafield tag="945" ind1=" " ind2=" ">
    <subfield code="f">J</subfield>
    <subfield code="a">349.297:N328mA:v.7:c.1</subfield>
    <subfield code="i">01025198</subfield>
    <subfield code="j">.i12965212</subfield>
    <subfield code="l">u0503</subfield>
  </datafield>
  <datafield tag="945" ind1=" " ind2=" ">
    <subfield code="f">J</subfield>
    <subfield code="a">349.297:N328mA:v.8:c.1</subfield>
    <subfield code="i">01025199</subfield>
    <subfield code="j">.i12965224</subfield>
    <subfield code="l">u0503</subfield>
  </datafield>
  <datafield tag="945" ind1=" " ind2=" ">
    <subfield code="f">J</subfield>
    <subfield code="a">349.297:N328mA:v.9:c.1</subfield>
    <subfield code="i">01025200</subfield>
    <subfield code="j">.i12965236</subfield>
    <subfield code="l">u0503</subfield>
  </datafield>
  <datafield tag="945" ind1=" " ind2=" ">
    <subfield code="f">J</subfield>
    <subfield code="a">349.297:N328mA:v.10:c.1</subfield>
    <subfield code="i">01025201</subfield>
    <subfield code="j">.i12965248</subfield>
    <subfield code="l">u0503</subfield>
  </datafield>
  <datafield tag="945" ind1=" " ind2=" ">
    <subfield code="f">J</subfield>
    <subfield code="a">349.297:N328mA:v.11:c.1</subfield>
    <subfield code="i">01025202</subfield>
    <subfield code="j">.i1296525x</subfield>
    <subfield code="l">u0503</subfield>
  </datafield>
  <datafield tag="945" ind1=" " ind2=" ">
    <subfield code="f">J</subfield>
    <subfield code="a">349.297:N328mA:v.12:c.1</subfield>
    <subfield code="i">01025203</subfield>
    <subfield code="j">.i12965261</subfield>
    <subfield code="l">u0503</subfield>
  </datafield>
  <datafield tag="945" ind1=" " ind2=" ">
    <subfield code="f">J</subfield>
    <subfield code="a">349.297:N328mA:v.13:c.1</subfield>
    <subfield code="i">01025204</subfield>
    <subfield code="j">.i12965273</subfield>
    <subfield code="l">u0503</subfield>
  </datafield>
  <datafield tag="945" ind1=" " ind2=" ">
    <subfield code="f">J</subfield>
    <subfield code="a">349.297:N328mA:v.14:c.1</subfield>
    <subfield code="i">01025205</subfield>
    <subfield code="j">.i12965285</subfield>
    <subfield code="l">u0503</subfield>
  </datafield>
  <datafield tag="945" ind1=" " ind2=" ">
    <subfield code="f">J</subfield>
    <subfield code="a">349.297:N328mA:v.15:c.1</subfield>
    <subfield code="i">01025206</subfield>
    <subfield code="j">.i12965297</subfield>
    <subfield code="l">u0503</subfield>
  </datafield>
  <datafield tag="945" ind1=" " ind2=" ">
    <subfield code="f">J</subfield>
    <subfield code="a">349.297:N328mA:v.16:c.1</subfield>
    <subfield code="i">01025207</subfield>
    <subfield code="j">.i12965303</subfield>
    <subfield code="l">u0503</subfield>
  </datafield>
  <datafield tag="945" ind1=" " ind2=" ">
    <subfield code="f">J</subfield>
    <subfield code="a">349.297:N328mA:v.17:c.1</subfield>
    <subfield code="i">01025208</subfield>
    <subfield code="j">.i12965315</subfield>
    <subfield code="l">u0503</subfield>
  </datafield>
  <datafield tag="945" ind1=" " ind2=" ">
    <subfield code="f">J</subfield>
    <subfield code="a">349.297:N328mA:v.18:c.1</subfield>
    <subfield code="i">01025209</subfield>
    <subfield code="j">.i12965327</subfield>
    <subfield code="l">u0503</subfield>
  </datafield>
  <datafield tag="945" ind1=" " ind2=" ">
    <subfield code="f">J</subfield>
    <subfield code="a">349.297:N328mA:v.19:c.1</subfield>
    <subfield code="i">01025210</subfield>
    <subfield code="j">.i12965339</subfield>
    <subfield code="l">u0503</subfield>
  </datafield>
  <datafield tag="945" ind1=" " ind2=" ">
    <subfield code="f">J</subfield>
    <subfield code="a">349.297:N328mA:v.20:c.1</subfield>
    <subfield code="i">01025211</subfield>
    <subfield code="j">.i12965340</subfield>
    <subfield code="l">u0503</subfield>
  </datafield>
  <datafield tag="998" ind1=" " ind2=" ">
    <subfield code="a">u05</subfield>
    <subfield code="b">97-06-07</subfield>
    <subfield code="c">m</subfield>
    <subfield code="d">a  </subfield>
    <subfield code="e">-</subfield>
    <subfield code="f">ara</subfield>
    <subfield code="g">su </subfield>
    <subfield code="h">0</subfield>
    <subfield code="i">20</subfield>
  </datafield>
</record>
</collection>
